@article{1,
    author = {L. M. Al Qassem and T. Stouraitis and E. Damiani and I. M. Elfadel},
    title = {Containerized microservices: A survey of resource management frameworks},
    journal = {IEEE Transactions on Network and Service Management},
    volume = {21},
    number = {4},
    pages = {3775--3796},
    year = {2024},
    doi = {10.1109/TNSM.2024.3388633}
}

@article{2,
    author = {S. Chippagiri and P. Ravula},
    title = {Cloud-native development: Review of best practices and frameworks for scalable and resilient web applications},
    journal = {International Journal of New Media Studies (IJNMS)},
    volume = {8},
    number = {2},
    month = {Jul.},
    year = {2021},
    issn = {2394-4331},
    note = {Impact Factor: 7.382},
    url = {https://www.researchgate.net/publication/387700780_Cloud-Native_Development_Review_of_Best_Practices_and_Frameworks_for_Scalable_and_Resilient_Web_Applications}
}

@mastersthesis{3,
    author = {T. M. 陳泰銘 (Chen)},
    title = {Task assignment for real-time financial service system under bursty traffic and unstable networks},
    school = {National Chengchi University},
    year = {2021},
    language = {Chinese},
    note = {Available from National Chengchi University Libraries},
    url = {http://thesis.lib.nccu.edu.tw/cgi-bin/cdrfb3/gsweb.cgi?o=dstdcdr&i=sid=%22G0102753032%22}
}

@article{4,
    author = {API 小知识},
    title = {电商行业中 API 接口的常见问题和解决方法},
    journal = {阿里云开发者社区},
    month = {Jan.},
    year = {2025},
    url = {https://developer.aliyun.com/article/1650525}
}

@bachelorsthesis{5,
    author = {J.-S. 林金昇 (Lin) and H.-C. 傅心家 (Fu)},
    title = {雲端服務視訊互動平台之互動影音服務之研究},
    school = {National Yang Ming Chiao Tung University},
    year = {2011},
    url = {https://ir.lib.nycu.edu.tw/handle/11536/48451}
}
@mastersthesis{6,
    author = {H. Lee},
    title = {Scalable and high available Kubernetes cluster in edge environments for IoT applications},
    school = {University of Helsinki, Faculty of Science},
    year = {2021},
    month = {Jun.},
    url = {https://helda.helsinki.fi/server/api/core/bitstreams/28b482e9-c369-454d-830f-dcee4bf4915a/content}
}

@inproceedings{7,
    author = {M.-N. Tran and D.-D. Vu and Y. Kim},
    title = {A survey of autoscaling in Kubernetes},
    booktitle = {2022 Thirteenth International Conference on Ubiquitous and Future Networks (ICUFN)},
    publisher = {IEEE},
    year = {2022},
    isbn = {978-1-6654-5834-9},
    doi = {10.1109/ICUFN55119.2022.9839572},
    url = {https://ieeexplore.ieee.org/stamp/stamp.jsp?tp=&arnumber=9829572}
}

@article{8,
    author = {A. Masood and M. Sharif and M. Yasmin and M. Raza},
    title = {Virtualization tools and techniques: Survey},
    journal = {Nepal Journal of Science and Technology},
    volume = {15},
    number = {2},
    pages = {141--150},
    year = {2014},
    month = {Jan.},
    doi = {10.3126/njst.v15i2.12113},
    url = {https://www.researchgate.net/publication/270885748_Virtualization_Tools_and_Techniques_Survey}
}

@article{9,
    author = {O. Bentaleb and A. S. Z. Belloum and A. Sebaa and et al.},
    title = {Containerization technologies: Taxonomies, applications and challenges},
    journal = {Journal of Supercomputing},
    volume = {78},
    pages = {1144--1181},
    year = {2022},
    month = {Jan.},
    doi = {10.1007/s11227-021-03914-1},
    url = {https://doi.org/10.1007/s11227-021-03914-1}
}

@incollection{10,
    author = {N. Dragoni and et al.},
    title = {Microservices: Yesterday, today, and tomorrow},
    booktitle = {Present and Ulterior Software Engineering},
    editor = {M. Mazzara and B. Meyer},
    publisher = {Springer, Cham},
    year = {2017},
    month = {Sep.},
    isbn = {978-3-319-67424-7},
    doi = {10.1007/978-3-319-67425-4_12},
    url = {https://doi.org/10.1007/978-3-319-67425-4_12}
}
@article{11,
    author = {I. Ahmad and M. G. AlFailakawi and A. AlMutawa and L. Alsalman},
    title = {Container scheduling techniques: A survey and assessment},
    journal = {Journal of King Saud University - Computer and Information Sciences},
    volume = {34},
    number = {7},
    pages = {3934--3947},
    year = {2022},
    issn = {1319-1578},
    doi = {10.1016/j.jksuci.2021.03.002},
    url = {https://www.sciencedirect.com/science/article/pii/S1319157821000562}
}

@article{12,
    author = {D. Zhao and M. Mohamed and H. Ludwig},
    title = {Locality-aware scheduling for containers in cloud computing},
    journal = {IEEE Transactions on Cloud Computing},
    volume = {8},
    number = {2},
    pages = {635--646},
    year = {2020},
    month = {Apr.},
    issn = {2168-7161},
    doi = {10.1109/TCC.2018.2794344}
}

@article{13,
    author = {B. Liu and P. Li and W. Lin and et al.},
    title = {A new container scheduling algorithm based on multi-objective optimization},
    journal = {Soft Computing},
    volume = {22},
    pages = {7741--7752},
    year = {2018},
    month = {Dec.},
    doi = {10.1007/s00500-018-3403-7},
    url = {https://doi.org/10.1007/s00500-018-3403-7}
}

@article{14,
    author = {M. Lin and J. Xi and W. Bai and J. Wu},
    title = {Ant colony algorithm for multi-objective optimization of container-based microservice scheduling in cloud},
    journal = {IEEE Access},
    volume = {7},
    pages = {83088--83100},
    year = {2019},
    doi = {10.1109/ACCESS.2019.2924414}
}

@article{15,
    author = {M. Adhikari and S. N. Srirama},
    title = {Multi-objective accelerated particle swarm optimization with a container-based scheduling for internet-of-things in cloud environment},
    journal = {Journal of Network and Computer Applications},
    volume = {137},
    pages = {35--61},
    year = {2019},
    issn = {1084-8045},
    doi = {10.1016/j.jnca.2019.04.003},
    url = {https://www.sciencedirect.com/science/article/pii/S1084804519301158}
}
@article{16,
    author = {R. Ranjan and I. S. Thakur and G. S. Aujla and N. Kumar and A. Y. Zomaya},
    title = {Energy-efficient workflow scheduling using container-based virtualization in software-defined data centers},
    journal = {IEEE Transactions on Industrial Informatics},
    volume = {16},
    number = {12},
    pages = {7646--7657},
    year = {2020},
    doi = {10.1109/TII.2020.2985030}
}

@article{17,
    author = {T. Menouer},
    title = {KCSS: Kubernetes container scheduling strategy},
    journal = {Journal of Supercomputing},
    volume = {77},
    pages = {4267--4293},
    month = {May},
    year = {2021},
    doi = {10.1007/s11227-020-03427-3},
    url = {https://doi.org/10.1007/s11227-020-03427-3}
}

@misc{18,
    author = {K. D. Team},
    title = {Configure multiple schedulers},
    year = {2025},
    url = {https://kubernetes.io/docs/tasks/extend-kubernetes/configure-multiple-schedulers/}
}

@misc{19,
    author = {K. D. Team},
    title = {Autoscaling workloads},
    year = {2025},
    url = {https://kubernetes.io/docs/concepts/workloads/autoscaling/}
}
@article{20,
    author    = {P. J. Maenhaut and B. Volckaert and V. Ongenae and others},
    title     = {Resource Management in a Containerized Cloud: Status and Challenges},
    journal   = {Journal of Network and Systems Management},
    volume    = {28},
    pages     = {197--246},
    year      = {2020},
    doi       = {10.1007/s10922-019-09504-0},
    url       = {https://doi.org/10.1007/s10922-019-09504-0},
    month     = {April},
    publisher = {Springer},
}
@ARTICLE{21,
    author={Ding, Zhijun and Wang, Song and Jiang, Changjun},
    journal={IEEE Transactions on Cloud Computing},
    title={Kubernetes-Oriented Microservice Placement With Dynamic Resource Allocation},
    year={2023},
    volume={11},
    number={2},
    pages={1777-1793},
    keywords={Microservice architectures;Containers;Cloud computing;Costs;Libraries;Dynamic scheduling;Throughput;Microservice placement;dynamic resource competition;microservice availability;shared dependency libraries;heuristic solving},
    doi={10.1109/TCC.2022.3161900}}
%以下文獻探討用
@misc{22,
    title={AI-Driven Resource Allocation Framework for Microservices in Hybrid Cloud Platforms},
    author={Biman Barua and M. Shamim Kaiser},
    year={2024},
    eprint={2412.02610},
    archivePrefix={arXiv},
    primaryClass={cs.AI},
    url={https://arxiv.org/abs/2412.02610},
}
@article{23,
    author    = {O. Pozdniakova and A. Cholomskis and D. Mažeika},
    title     = {Self-adaptive autoscaling algorithm for SLA-sensitive applications running on the Kubernetes clusters},
    journal   = {Cluster Computing},
    volume    = {27},
    pages     = {2399--2426},
    year      = {2024},
    doi       = {10.1007/s10586-023-04082-y},
    url       = {https://doi.org/10.1007/s10586-023-04082-y},
    month     = {June},
    publisher = {Springer},
}
@article{24,
    author    = {S. Muniswamy and R. Vignesh},
    title     = {DSTS: A hybrid optimal and deep learning for dynamic scalable task scheduling on container cloud environment},
    journal   = {Journal of Cloud Computing},
    volume    = {11},
    pages     = {33},
    year      = {2022},
    doi       = {10.1186/s13677-022-00304-7},
    url       = {https://doi.org/10.1186/s13677-022-00304-7},
    month     = {August},
    publisher = {Springer},
}